
@Misc{guitexDocumentazione,
	author = {GuITstaff},
	title = {{D}ocumentazione --- guitex.org},
	howpublished = {\url{https://www.guitex.org/home/it/doc}},
	year = {},
	note = {[Accessed 26-Jan-2023]},
}

@Misc{overleafDocumentazione,
	author = {},
	title = {{D}ocumentazione --- it.overleaf.com},
	howpublished = {\url{https://it.overleaf.com/learn}},
	year = {},
	note = {[Accessed 26-Jan-2023]},
}
